@inproceedings{PU-GCN,
    author    = {Qian, Guocheng and Abualshour, Abdulellah and Li, Guohao and Thabet, Ali and Ghanem, Bernard},
    title     = {PU-GCN: Point Cloud Upsampling Using Graph Convolutional Networks},
    booktitle = {Proceedings of the IEEE/CVF Conference on Computer Vision and Pattern Recognition (CVPR)},
    month     = {June},
    year      = {2021},
    pages     = {11683-11692}
}

@inproceedings{Qu_2024_CVPR,
    author    = {Qu, Wentao and Shao, Yuantian and Meng, Lingwu and Huang, Xiaoshui and Xiao, Liang},
    title     = {A Conditional Denoising Diffusion Probabilistic Model for Point Cloud Upsampling},
    booktitle = {Proceedings of the IEEE/CVF Conference on Computer Vision and Pattern Recognition (CVPR)},
    month     = {6},
    year      = {2024},
    pages     = {20786-20795}
}

@article{ConGNN_2024,
    title = {Controlled graph neural networks with denoising diffusion for anomaly detection},
    journal = {Expert Systems with Applications},
    volume = {237},
    pages = {121533},
    year = {2024},
    issn = {0957-4174},
    doi = {https://doi.org/10.1016/j.eswa.2023.121533},
    url = {https://www.sciencedirect.com/science/article/pii/S0957417423020353},
    author = {Xuan Li and Chunjing Xiao and Ziliang Feng and Shikang Pang and Wenxin Tai and Fan Zhou},
    keywords = {Anomaly detection, Graph data augmentation, Diffusion models, Graph neural networks}
}

@inproceedings{yue2023resshift,
  author    = {Zongsheng Yue, Jianyi Wang, and Chen Change Loy},
  title     = {ResShift: Efficient Diffusion Model for Image Super-resolution by Residual Shifting},
  booktitle = {Advances in Neural Information Processing Systems (NeurIPS)},
  year      = {2023},
}