@article{ConGNN_2024,
    title = {Controlled graph neural networks with denoising diffusion for anomaly detection},
    journal = {Expert Systems with Applications},
    volume = {237},
    pages = {121533},
    year = {2024},
    issn = {0957-4174},
    author = {Xuan Li and Chunjing Xiao and Ziliang Feng and Shikang Pang and Wenxin Tai and Fan Zhou},
    keywords = {Anomaly detection, Graph data augmentation, Diffusion models, Graph neural networks}
}


@article{ingraham2023illuminating,
  title={Illuminating protein space with a programmable generative model},
  author={Ingraham, John B and Baranov, Max and Costello, Zak and Barber, Karl W and Wang, Wujie and Ismail, Ahmed and Frappier, Vincent and Lord, Dana M and Ng-Thow-Hing, Christopher and Van Vlack, Erik R and others},
  journal={Nature},
  volume={623},
  number={7989},
  pages={1070--1078},
  year={2023},
  publisher={Nature Publishing Group UK London}
}

@article{ho2020denoising,
  title={Denoising diffusion probabilistic models},
  author={Ho, Jonathan and Jain, Ajay and Abbeel, Pieter},
  journal={Advances in neural information processing systems},
  volume={33},
  pages={6840--6851},
  year={2020}
}

@article{cao2024survey,
  title={A survey on generative diffusion models},
  author={Cao, Hanqun and Tan, Cheng and Gao, Zhangyang and Xu, Yilun and Chen, Guangyong and Heng, Pheng-Ann and Li, Stan Z},
  journal={IEEE Transactions on Knowledge and Data Engineering},
  year={2024},
  publisher={IEEE}
}

@article{yang2023diffusion,
  title={Diffusion models: A comprehensive survey of methods and applications},
  author={Yang, Ling and Zhang, Zhilong and Song, Yang and Hong, Shenda and Xu, Runsheng and Zhao, Yue and Zhang, Wentao and Cui, Bin and Yang, Ming-Hsuan},
  journal={ACM Computing Surveys},
  volume={56},
  number={4},
  pages={1--39},
  year={2023},
  publisher={ACM New York, NY, USA}
}

@article{lu2020low,
  title={Low rank matrix approximation for 3D geometry filtering},
  author={Lu, Xuequan and Schaefer, Scott and Luo, Jun and Ma, Lizhuang and He, Ying},
  journal={IEEE transactions on visualization and computer graphics},
  volume={28},
  number={4},
  pages={1835--1847},
  year={2020},
  publisher={IEEE}
}

@inproceedings{kazhdan2006poisson,
  title={Poisson surface reconstruction},
  author={Kazhdan, Michael and Bolitho, Matthew and Hoppe, Hugues},
  booktitle={Proceedings of the fourth Eurographics symposium on Geometry processing},
  volume={7},
  number={4},
  year={2006}
}

@article{fleishman2005robust,
  title={Robust moving least-squares fitting with sharp features},
  author={Fleishman, Shachar and Cohen-Or, Daniel and Silva, Cl{\'a}udio T},
  journal={ACM transactions on graphics (TOG)},
  volume={24},
  number={3},
  pages={544--552},
  year={2005},
  publisher={ACM New York, NY, USA}
}

@article{che2018multi,
  title={Multi-scan segmentation of terrestrial laser scanning data based on normal variation analysis},
  author={Che, Erzhuo and Olsen, Michael J},
  journal={ISPRS journal of photogrammetry and remote sensing},
  volume={143},
  pages={233--248},
  year={2018},
  publisher={Elsevier}
}

@inproceedings{hoppe1992surface,
  title={Surface reconstruction from unorganized points},
  author={Hoppe, Hugues and DeRose, Tony and Duchamp, Tom and McDonald, John and Stuetzle, Werner},
  booktitle={Proceedings of the 19th annual conference on computer graphics and interactive techniques},
  pages={71--78},
  year={1992}
}

@article{cazals2005estimating,
  title={Estimating differential quantities using polynomial fitting of osculating jets},
  author={Cazals, Fr{\'e}d{\'e}ric and Pouget, Marc},
  journal={Computer aided geometric design},
  volume={22},
  number={2},
  pages={121--146},
  year={2005},
  publisher={Elsevier}
}

@article{levin1998approximation,
  title={The approximation power of moving least-squares},
  author={Levin, David},
  journal={Mathematics of computation},
  volume={67},
  number={224},
  pages={1517--1531},
  year={1998}
}

@inproceedings{alliez2007voronoi,
  title={Voronoi-based variational reconstruction of unoriented point sets},
  author={Alliez, Pierre and Cohen-Steiner, David and Tong, Yiying and Desbrun, Mathieu},
  booktitle={Symposium on Geometry processing},
  volume={7},
  pages={39--48},
  year={2007}
}

@inproceedings{dey2006normal,
  title={Normal and feature approximations from noisy point clouds},
  author={Dey, Tamal K and Sun, Jian},
  booktitle={International Conference on Foundations of Software Technology and Theoretical Computer Science},
  pages={21--32},
  year={2006},
  organization={Springer}
}

@incollection{guennebaud2007algebraic,
  title={Algebraic point set surfaces},
  author={Guennebaud, Ga{\"e}l and Gross, Markus},
  booktitle={ACM siggraph 2007 papers},
  pages={23--es},
  year={2007}
}

@inproceedings{boulch2016deep,
  title={Deep learning for robust normal estimation in unstructured point clouds},
  author={Boulch, Alexandre and Marlet, Renaud},
  booktitle={Computer Graphics Forum},
  volume={35},
  number={5},
  pages={281--290},
  year={2016},
  organization={Wiley Online Library}
}

@inproceedings{roveri2018pointpronets,
  title={Pointpronets: Consolidation of point clouds with convolutional neural networks},
  author={Roveri, Riccardo and {\"O}ztireli, A Cengiz and Pandele, Ioana and Gross, Markus},
  booktitle={Computer Graphics Forum},
  volume={37},
  number={2},
  pages={87--99},
  year={2018},
  organization={Wiley Online Library}
}

@article{zhou2022refine,
  title={Refine-net: Normal refinement neural network for noisy point clouds},
  author={Zhou, Haoran and Chen, Honghua and Zhang, Yingkui and Wei, Mingqiang and Xie, Haoran and Wang, Jun and Lu, Tong and Qin, Jing and Zhang, Xiao-Ping},
  journal={IEEE Transactions on Pattern Analysis and Machine Intelligence},
  volume={45},
  number={1},
  pages={946--963},
  year={2022},
  publisher={IEEE}
}

@inproceedings{qi2017pointnet,
  title={Pointnet: Deep learning on point sets for 3d classification and segmentation},
  author={Qi, Charles R and Su, Hao and Mo, Kaichun and Guibas, Leonidas J},
  booktitle={Proceedings of the IEEE conference on computer vision and pattern recognition},
  pages={652--660},
  year={2017}
}

@inproceedings{guerrero2018pcpnet,
  title={Pcpnet learning local shape properties from raw point clouds},
  author={Guerrero, Paul and Kleiman, Yanir and Ovsjanikov, Maks and Mitra, Niloy J},
  booktitle={Computer graphics forum},
  volume={37},
  number={2},
  pages={75--85},
  year={2018},
  organization={Wiley Online Library}
}

@article{sharma2021point,
  title={Point cloud upsampling and normal estimation using deep learning for robust surface reconstruction},
  author={Sharma, Rajat and Schwandt, Tobias and Kunert, Christian and Urban, Steffen and Broll, Wolfgang},
  journal={arXiv preprint arXiv:2102.13391},
  year={2021}
}

@inproceedings{ben2020deepfit,
  title={Deepfit: 3d surface fitting via neural network weighted least squares},
  author={Ben-Shabat, Yizhak and Gould, Stephen},
  booktitle={Computer Vision--ECCV 2020: 16th European Conference, Glasgow, UK, August 23--28, 2020, Proceedings, Part I 16},
  pages={20--34},
  year={2020},
  organization={Springer}
}

@inproceedings{lenssen2020deep,
  title={Deep iterative surface normal estimation},
  author={Lenssen, Jan Eric and Osendorfer, Christian and Masci, Jonathan},
  booktitle={Proceedings of the ieee/cvf conference on computer vision and pattern recognition},
  pages={11247--11256},
  year={2020}
}

@inproceedings{li2022graphfit,
  title={Graphfit: Learning multi-scale graph-convolutional representation for point cloud normal estimation},
  author={Li, Keqiang and Zhao, Mingyang and Wu, Huaiyu and Yan, Dong-Ming and Shen, Zhen and Wang, Fei-Yue and Xiong, Gang},
  booktitle={European Conference on Computer Vision},
  pages={651--667},
  year={2022},
  organization={Springer}
}

@article{xiu2023msecnet,
  title={Msecnet: accurate and robust normal estimation for 3d point clouds by multi-scale edge conditioning},
  author={Xiu, Haoyi and Liu, Xin and Wang, Weimin and Kim, Kyoung-Sook and Matsuoka, Masashi},
  journal={arXiv preprint arXiv:2308.02237},
  year={2023}
}

@inproceedings{li2023neaf,
  title={Neaf: Learning neural angle fields for point normal estimation},
  author={Li, Shujuan and Zhou, Junsheng and Ma, Baorui and Liu, Yu-Shen and Han, Zhizhong},
  booktitle={Proceedings of the AAAI conference on artificial intelligence},
  volume={37},
  number={1},
  pages={1396--1404},
  year={2023}
}

@article{li2022hsurf,
  title={HSurf-Net: Normal estimation for 3D point clouds by learning hyper surfaces},
  author={Li, Qing and Liu, Yu-Shen and Cheng, Jin-San and Wang, Cheng and Fang, Yi and Han, Zhizhong},
  journal={Advances in Neural Information Processing Systems},
  volume={35},
  pages={4218--4230},
  year={2022}
}

@inproceedings{guerrero2018pcpnet,
  title={Pcpnet learning local shape properties from raw point clouds},
  author={Guerrero, Paul and Kleiman, Yanir and Ovsjanikov, Maks and Mitra, Niloy J},
  booktitle={Computer graphics forum},
  volume={37},
  number={2},
  pages={75--85},
  year={2018},
  organization={Wiley Online Library}
}

@inproceedings{scenenn-3dv16,
    author = {Binh-Son Hua and Quang-Hieu Pham and Duc Thanh Nguyen and Minh-Khoi Tran and Lap-Fai Yu and Sai-Kit Yeung},
    title = {SceneNN: A Scene Meshes Dataset with aNNotations},
    booktitle = {International Conference on 3D Vision (3DV)},
    year = {2016}
}
